@misc{ico:oscilloscope,
	author        = "M. Oki Orlando",
    title         = "oscilloscope",
	howpublished	= "\url{https://freeicons.io/laboratory-solid-51240/oscilloscope-calibration-voltages-laboratory-equipment-icon-2182335}"
}

@manual{tektronix:mso_progman,
    organization  = "Tektronix, Inc.",
    title         = "4, 5, 6 Series MSO Programmer Manual",
    number        = "077130520",
    note          = "Supports FW version 2.0.x and above",
	howpublished	= "\url{https://github.com/ceres-c/pyMSO4/blob/master/docs/4-5-6-MSO_Programmer_077130520_fw2_0_x.pdf}"
}
